@Article{essd-9-1-2017,
AUTHOR = {Batjes, N. H. and Ribeiro, E. and van Oostrum, A. and Leenaars, J. and Hengl, T. and Mendes de Jesus, J.},
TITLE = {WoSIS: providing standardised soil profile data\hack{\newline} for the world},
JOURNAL = {Earth System Science Data},
VOLUME = {9},
YEAR = {2017},
NUMBER = {1},
PAGES = {1--14},
URL = {https://essd.copernicus.org/articles/9/1/2017/},
DOI = {10.5194/essd-9-1-2017}
}